
@InBook{Harris2009,
    author = {Gavin HARRIS},
    title     = {Layout: velký průvodce grafickou úpravou},
    pages = {Typo},
    publisher = {Addison-Wesley},
    address = {Brno},
    year = {2009},
    edition = {1},
    ISBN = {978-80-251-2165-8},
}
@InBook{Rybicka2003,
	author = {Jiří RYBIČKA},
	title = {LaTeX pro začátečníky},
	publisher = {Konvoj},
	address = {Brno},
	year = {2003},
	edition = {3},
	ISBN = {80-7302-049-1},
}

@MastersThesis{Jirasek2016,
	author = {Bc. Matěj Kašpar JIRÁSEK},
	title = {Možnosti a limity webové typografie},
	school = {Masarykova univerzita. Fakulta informatiky. Aplikovaná informatika},
	year = {2016},
	type = {Bakalářská práce},
}
@MastersThesis{Beranek2021,
	author = {Bc. Pavel BERÁNEK},
	title = {Typografické metody určování autorství},
	school = {Univerzita Palackého V Oloouci. Filozofická fakulta. Filologie / Obecná lingvistika a teorie komunikace},
	year = {2021},
	type = {Bakalářská práce},
}

@Misc{Ovsyannykov2021,
	author = {Igor OVSYANNYKOV},
	title = {20 Typography Rules Every Designer Should Know},
	howpublished = {[online]},
	year = {2021},
	note = {[vid. 17.\,4.\,2022]},
	url = {https://creativemarket.com/blog/typography-rules},
}
@Misc{Grigerova2019,
	author = {Andrea GRIGEROVÁ},
	title = {PSYCHOLOGIE FONTŮ},
	howpublished = {[online]},
	year = {2021},
	note = {[vid. 17.\,4.\,2022]},
	url = {https://www.cevelova.cz/andrea-grigerova-psychologie-fontu/},
}

@Misc{Davidek2019,
	author = {Kryštof DAVIDEK},
	title = {LaTeX\,‒\,Co,\,proč\,a\,jak},
	howpublished = {[online]},
	year = {2019},
	note = {[vid. 17.\,4.\,2022]},
	url = {https://medium.com/edtech-kisk/latex-co-proč-a-jak-a4c1f4641616},
}
@Article{Olsak2021,
	author = {Petr OLŠÁK},
	title = {TeX v kostce},
	journal = {Zpravodaj Československého sdružení uživatelů TeXu},
	volume = {30},
	number = {1\,--\,4},
	pages = {9\,--\,55},
	year = {2021},
	ISSN = {1211-6661},
}

@Article{Noga2010,
author = {Pavel Noga},
title = {Odpovědnost v grafickém designu},
year = {2010},
number = {39},
pages = {6-8},
issn = {1214-716},
}

@Article{FONT,
	author = {KAFKA DESIGN},
	journal = {FONT},
	ISSN = {1211 – 4049}
}